@article{mezo2011r,
  title={The {$r$}-Bell numbers},
  author={Mezo, Istv{\'a}n},
  journal={Journal of Integer Sequences},
  volume={14},
  number={1},
  pages={1--14},
  year={2011},
  publisher={Citeseer}
}

@inproceedings{wallach2010alternative,
  title={{An alternative prior process for nonparametric Bayesian clustering}},
  author={Wallach, Hanna and Jensen, Shane and Dicker, Lee and Heller, Katherine},
  booktitle={Proceedings of the Thirteenth International Conference on Artificial Intelligence and Statistics},
  pages={892--899},
  year={2010},
  organization={JMLR Workshop and Conference Proceedings}
}

@article{pitman1997two,
  title={{The two-parameter Poisson-Dirichlet distribution derived from a stable subordinator}},
  author={Pitman, Jim and Yor, Marc},
  journal={The Annals of Probability},
  pages={855--900},
  year={1997},
  publisher={JSTOR}
}

@article{lu2018reducing,
  title={{Reducing over-clustering via the powered Chinese restaurant process}},
  author={Lu, Jun and Li, Meng and Dunson, David},
  journal={arXiv preprint arXiv:1802.05392},
  year={2018}
}

@article{blackwell1973ferguson,
  title={{Ferguson distributions via P{\'o}lya urn schemes}},
  author={Blackwell, David and MacQueen, James B},
  journal={The Annals of Statistics},
  volume={1},
  number={2},
  pages={353--355},
  year={1973},
  publisher={Institute of Mathematical Statistics}
}

@article{broder1984r,
  title={The {$r$}-Stirling numbers},
  author={Broder, Andrei Z},
  journal={Discrete Mathematics},
  volume={49},
  number={3},
  pages={241--259},
  year={1984},
  publisher={Elsevier}
}


@article{castillo2020spike,
  title={{On spike and slab empirical Bayes multiple testing}},
  author={Castillo, Ismael and Roquain, Etienne and others},
  journal={Annals of Statistics},
  volume={48},
  number={5},
  pages={2548--2574},
  year={2020},
  publisher={Institute of Mathematical Statistics}
}

@article{benjamini2002john,
  title={{John W. Tukey's contributions to multiple comparisons}},
  author={Benjamini, Yoav and Braun, Henry},
  journal={The Annals of Statistics},
  volume={30},
  number={6},
  pages={1576--1594},
  year={2002},
  publisher={Institute of Mathematical Statistics}
}

@article{westfall1997bayesian,
  title={{A Bayesian perspective on the Bonferroni adjustment}},
  author={Westfall, Peter H and Johnson, Wesley O and Utts, Jessica M},
  journal={Biometrika},
  volume={84},
  number={2},
  pages={419--427},
  year={1997},
  publisher={Oxford University Press}
}

@article{ishwaran2001gibbs,
  title={Gibbs sampling methods for stick-breaking priors},
  author={Ishwaran, Hemant and James, Lancelot F},
  journal={Journal of the American Statistical Association},
  volume={96},
  number={453},
  pages={161--173},
  year={2001},
  publisher={Taylor \& Francis}
}

@article{berry1999bayesian,
  title={Bayesian perspectives on multiple comparisons},
  author={Berry, Donald A and Hochberg, Yosef},
  journal={Journal of Statistical Planning and Inference},
  volume={82},
  number={1-2},
  pages={215--227},
  year={1999},
  publisher={Elsevier}
}

@article{hinne2020conceptual,
  title={{A conceptual introduction to Bayesian model averaging}},
  author={Hinne, Max and Gronau, Quentin F and van den Bergh, Don and Wagenmakers, Eric-Jan},
  journal={Advances in Methods and Practices in Psychological Science},
  volume={3},
  number={2},
  pages={200--215},
  year={2020},
  publisher={SAGE Publications Sage CA: Los Angeles, CA}
}

@article{hoeting1999bayesian,
  title={Bayesian model averaging: a tutorial},
  author={Hoeting, Jennifer A and Madigan, David and Raftery, Adrian E and Volinsky, Chris T},
  journal={Statistical Science},
  pages={382--401},
  year={1999},
  publisher={JSTOR}
}

@article{george1993variable,
  title={{Variable selection via Gibbs sampling}},
  author={George, Edward I and McCulloch, Robert E},
  journal={Journal of the American Statistical Association},
  volume={88},
  number={423},
  pages={881--889},
  year={1993},
  publisher={Taylor \& Francis}
}

@article{li2016role,
  title={On the role of the prior in multiplicity adjustment},
  author={Li, Dandan and Sivaganesan, Siva},
  journal={Journal of Statistical Theory and Practice},
  volume={10},
  number={2},
  pages={263--290},
  year={2016},
  publisher={Springer}
}

@article{de2019bayesian,
  title={{A Bayesian Approach to the Correction for Multiplicity}},
  author={de Jong, Tim},
  year={2019},
  publisher={PsyArXiv}
}

@article{ferguson1973bayesian,
  title={{A Bayesian analysis of some nonparametric problems}},
  author={Ferguson, Thomas S},
  journal={The Annals of Statistics},
  pages={209--230},
  year={1973},
  publisher={JSTOR}
}

@article{antoniak1974mixtures,
  title={{Mixtures of Dirichlet processes with applications to Bayesian nonparametric problems}},
  author={Antoniak, Charles E},
  journal={The annals of statistics},
  pages={1152--1174},
  year={1974},
  publisher={JSTOR}
}

@misc{teh2010dirichlet,
  title={{Dirichlet Process}},
  author={Teh, Yee Whye},
  year={2010}
}

@article{teh2006hierarchical,
  title={Hierarchical dirichlet processes},
  author={Teh, Yee Whye and Jordan, Michael I and Beal, Matthew J and Blei, David M},
  journal={Journal of the american statistical association},
  volume={101},
  number={476},
  pages={1566--1581},
  year={2006},
  publisher={Taylor \& Francis}
}

@article{quintana2006predictive,
  title={{A predictive view of Bayesian clustering}},
  author={Quintana, Fernando A},
  journal={Journal of Statistical Planning and Inference},
  volume={136},
  number={8},
  pages={2407--2429},
  year={2006},
  publisher={Elsevier}
}

@article{lee2013defining,
  title={{Defining Predictive Probability Functions for Species Sampling Models}},
  author={Lee, Jaeyong and Quintana, Fernando A and M{\"u}ller, Peter and Trippa, Lorenzo and others},
  journal={Statistical Science},
  volume={28},
  number={2},
  pages={209--222},
  year={2013},
  publisher={Institute of Mathematical Statistics}
}

@article{escobar1995bayesian,
  title={Bayesian density estimation and inference using mixtures},
  author={Escobar, Michael D and West, Mike},
  journal={Journal of the american statistical association},
  volume={90},
  number={430},
  pages={577--588},
  year={1995},
  publisher={Taylor \& Francis}
}

@article{muller2013bayesian,
  title={{Bayesian Nonparametric Inference--Why and How}},
  author={M{\"u}ller, Peter and Mitra, Riten},
  journal={Bayesian Analysis},
  volume={8},
  number={2},
  pages={269--302},
  year={2013},
  publisher={International Society for Bayesian Analysis}
}

@article{pitman1996some,
  title={{Some developments of the Blackwell-MacQueen urn scheme}},
  author={Pitman, Jim},
  journal={Lecture Notes-Monograph Series},
  pages={245--267},
  year={1996},
  publisher={JSTOR}
}

@article{ishwaran2003generalized,
  title={{Generalized weighted Chinese restaurant processes for species sampling mixture models}},
  author={Ishwaran, Hemant and James, Lancelot F},
  journal={Statistica Sinica},
  pages={1211--1235},
  year={2003},
  publisher={JSTOR}
}

@article{barry1992product,
  title={Product partition models for change point problems},
  author={Barry, Daniel and Hartigan, John A},
  journal={The Annals of Statistics},
  pages={260--279},
  year={1992},
  publisher={JSTOR}
}

@article{blei2011distance,
  title={{Distance Dependent Chinese Restaurant Processes}},
  author={Blei, David M and Frazier, Peter I},
  journal={Journal of Machine Learning Research},
  volume={12},
  number={74},
  pages={2461--2488},
  year={2011}
}

@article{ishwaran2001bayesian,
  title={Bayesian model selection in finite mixtures by marginal density decompositions},
  author={Ishwaran, Hemant and James, Lancelot F and Sun, Jiayang},
  journal={Journal of the American Statistical Association},
  volume={96},
  number={456},
  pages={1316--1332},
  year={2001},
  publisher={Taylor \& Francis}
}

@article{chen1995optimal,
  title={Optimal rate of convergence for finite mixture models},
  author={Chen, Jiahua},
  journal={The Annals of Statistics},
  pages={221--233},
  year={1995},
  publisher={JSTOR}
}

@article{green2001modelling,
  title={{Modelling heterogeneity with and without the Dirichlet process}},
  author={Green, Peter J and Richardson, Sylvia},
  journal={Scandinavian Journal of Statistics},
  volume={28},
  number={2},
  pages={355--375},
  year={2001},
  publisher={Wiley Online Library}
}

@article{miller2018mixture,
  title={Mixture models with a prior on the number of components},
  author={Miller, Jeffrey W and Harrison, Matthew T},
  journal={Journal of the American Statistical Association},
  volume={113},
  number={521},
  pages={340--356},
  year={2018},
  publisher={Taylor \& Francis}
}

@article{miller2013simple,
  title={{A simple example of Dirichlet process mixture inconsistency for the number of components}},
  author={Miller, Jeffrey W and Harrison, Matthew T},
  journal={arXiv preprint arXiv:1301.2708},
  year={2013}
}

@article{groot2005effect,
  title={{Effect of PBAN on pheromone production by mated Heliothis virescens and Heliothis subflexa females}},
  author={Groot, Astrid T and Fan, Yongliang and Brownie, Cavell and Jurenka, Russell A and Gould, Fred and Schal, Coby},
  journal={Journal of Chemical Ecology},
  volume={31},
  number={1},
  pages={15--28},
  year={2005},
  publisher={Springer}
}

@article{boos2004comparing,
  title={Comparing variances and other measures of dispersion},
  author={Boos, Dennis D and Brownie, Cavell and others},
  journal={Statistical Science},
  volume={19},
  number={4},
  pages={571--578},
  year={2004},
  publisher={Institute of Mathematical Statistics}
}

@article{baker2018bias,
  title={{Bias in Online Classes: Evidence from a Field Experiment.}},
  author={Baker, Rachel and Dee, Thomas and Evans, Brent and John, June},
  journal={ CEPA Working Paper No. 18-03},
  year={2018},
  publisher={ERIC}
}


@article{radelet1991choosing,
  title={{Choosing Those Who Will Die: Race and the Death Penalty in Florida}},
  author={Radelet, ML and Pierce, GL},
  journal={Florida Law Review},
  volume={43},
  number={1},
  pages={1--34},
  year={1991}
}

@article{tong2008too,
  title={{Too much of a good thing? The relationship between number of friends and interpersonal impressions on Facebook}},
  author={Tong, Stephanie Tom and Van Der Heide, Brandon and Langwell, Lindsey and Walther, Joseph B},
  journal={Journal of Computer-Mediated Communication},
  volume={13},
  number={3},
  pages={531--549},
  year={2008},
  publisher={Oxford University Press Oxford, UK}
}

@inproceedings{rasmussen1999infinite,
  title={{The infinite Gaussian mixture model}},
  author={Rasmussen, Carl Edward and others},
  booktitle={NIPS},
  volume={12},
  pages={554--560},
  year={1999}
}

@article{miller2014inconsistency,
  title={{Inconsistency of Pitman-Yor process mixtures for the number of components}},
  author={Miller, Jeffrey W and Harrison, Matthew T},
  journal={The Journal of Machine Learning Research},
  volume={15},
  number={1},
  pages={3333--3370},
  year={2014},
  publisher={JMLR. org}
}

@article{miller2015microclustering,
  title={{Microclustering: When the cluster sizes grow sublinearly with the size of the data set}},
  author={Miller, Jeffrey W and Betancourt, Brenda and Zaidi, Abbas and Wallach, Hanna and Steorts, Rebecca C},
  journal={arXiv preprint arXiv:1512.00792},
  year={2015}
}

@book{ghosal2017fundamentals,
  title={{Fundamentals of nonparametric Bayesian inference}},
  author={Ghosal, Subhashis and Van der Vaart, Aad},
  volume={44},
  year={2017},
  publisher={Cambridge University Press}
}

@article{diaconis1986consistency,
  title={{On the consistency of Bayes estimates}},
  author={Diaconis, Persi and Freedman, David},
  journal={The Annals of Statistics},
  pages={1--26},
  year={1986},
  publisher={JSTOR}
}

@book{jeffreys1961theory,
  title={{Theory of Probability (3rd Ed.)}},
  author={Jeffreys, Harold},
  year={1961},
  publisher={Oxford, UK: Oxford University Press}
}

@book{jeffreys1939theory,
  title={{Theory of Probability (1rd Ed.)}},
  author={Jeffreys, Harold},
  year={1939},
  publisher={Oxford, UK: Oxford University Press}
}

@article{kang2017objective,
  title={{Objective Bayesian multiple comparisons for normal variances}},
  author={Kang, Sang Gil and Lee, Woo Dong and Kim, Yongku},
  journal={Journal of Statistical Computation and Simulation},
  volume={87},
  number={5},
  pages={882--894},
  year={2017},
  publisher={Taylor \& Francis}
}

@article{gutierrez2019bayesian,
  title={{A Bayesian nonparametric multiple testing procedure for comparing several treatments against a control}},
  author={Guti{\'e}rrez, Luis and Barrientos, Andr{\'e}s F and Gonz{\'a}lez, Jorge and Taylor-Rodr{\'\i}guez, Daniel and others},
  journal={Bayesian Analysis},
  volume={14},
  number={2},
  pages={649--675},
  year={2019},
  publisher={International Society for Bayesian Analysis}
}


@article{scott2010bayes,
  title={{Bayes and empirical-Bayes multiplicity adjustment in the variable-selection problem}},
  author={Scott, James G and Berger, James O},
  journal={The Annals of Statistics},
  pages={2587--2619},
  year={2010},
  publisher={JSTOR}
}

@article{scott2006exploration,
  title={{An exploration of aspects of Bayesian multiple testing}},
  author={Scott, James G and Berger, James O},
  journal={Journal of Statistical Planning and Inference},
  volume={136},
  number={7},
  pages={2144--2162},
  year={2006},
  publisher={Elsevier}
}


@article{rao2009multiple,
  title={Multiple comparison procedures-a note and a bibliography},
  author={Rao, CV},
  journal={Journal of Statistics},
  volume={16},
  number={1},
  year={2009},
  pages={66--109},
  publisher={Citeseer}
}

@article{canale2017pitman,
  title={{On the Pitman--Yor process with spike and slab base measure}},
  author={Canale, Antonio and Lijoi, Antonio and Nipoti, Bernardo and Pr{\"u}nster, Igor},
  journal={Biometrika},
  volume={104},
  number={3},
  pages={681--697},
  year={2017},
  publisher={Oxford University Press}
}

@article{kim2009spiked,
  title={{Spiked Dirichlet Process Prior for Bayesian Multiple Hypothesis Testing in Random Effects Models}},
  author={Kim, Sinae and Dahl, David B and Vannucci, Marina},
  journal={Bayesian Analysis},
  volume={4},
  number={4},
  pages={707--732},
  year={2009}
}

@article{dunson2008bayesian,
  title={Bayesian selection and clustering of polymorphisms in functionally related genes},
  author={Dunson, David B and Herring, Amy H and Engel, Stephanie M},
  journal={Journal of the American Statistical Association},
  volume={103},
  number={482},
  pages={534--546},
  year={2008},
  publisher={Taylor \& Francis}
}

@article{castillo2015bayesian,
  title={Bayesian linear regression with sparse priors},
  author={Castillo, Isma{\"e}l and Schmidt-Hieber, Johannes and Van der Vaart, Aad and others},
  journal={Annals of Statistics},
  volume={43},
  number={5},
  pages={1986--2018},
  year={2015},
  publisher={Institute of Mathematical Statistics}
}

@article{wilson2010bayesian,
  title={Bayesian model search and multilevel inference for SNP association studies},
  author={Wilson, Melanie A and Iversen, Edwin S and Clyde, Merlise A and Schmidler, Scott C and Schildkraut, Joellen M},
  journal={The Annals of Applied Statistics},
  volume={4},
  number={3},
  pages={1342},
  year={2010},
  publisher={NIH Public Access}
}

@article{nuijten2016prevalence,
  title={The prevalence of statistical reporting errors in psychology (1985--2013)},
  author={Nuijten, Mich{\`e}le B and Hartgerink, Chris HJ and Van Assen, Marcel ALM and Epskamp, Sacha and Wicherts, Jelte M},
  journal={Behavior Research Methods},
  volume={48},
  number={4},
  pages={1205--1226},
  year={2016},
  publisher={Springer}
}

@article{james2015computer,
  title={Computer game play reduces intrusive memories of experimental trauma via reconsolidation-update mechanisms},
  author={James, Ella L and Bonsall, Michael B and Hoppitt, Laura and Tunbridge, Elizabeth M and Geddes, John R and Milton, Amy L and Holmes, Emily A},
  journal={Psychological Science},
  volume={26},
  number={8},
  pages={1201--1215},
  year={2015},
  publisher={Sage Publications Sage CA: Los Angeles, CA}
}

@article{casella2009consistency,
  title={{Consistency of Bayesian procedures for variable selection}},
  author={Casella, George and Gir{\'o}n, F Javier and Mart{\'\i}nez, M Lina and Moreno, Elias and others},
  journal={The Annals of Statistics},
  volume={37},
  number={3},
  pages={1207--1228},
  year={2009},
  publisher={Institute of Mathematical Statistics}
}

@article{moreno2015posterior,
  title={Posterior model consistency in variable selection as the model dimension grows},
  author={Moreno, El{\'\i}as and Gir{\'o}n, Javier and Casella, George and others},
  journal={Statistical Science},
  volume={30},
  number={2},
  pages={228--241},
  year={2015},
  publisher={Institute of Mathematical Statistics}
}

@article{curtis2011bayesian,
  title={{A Bayesian approach to multicollinearity and the simultaneous selection and clustering of predictors in linear regression}},
  author={Curtis, S McKay and Ghosh, Sujit K},
  journal={Journal of Statistical Theory and Practice},
  volume={5},
  number={4},
  pages={715--735},
  year={2011},
  publisher={Taylor \& Francis}
}

@article{ewens1972sampling,
  title={The sampling theory of selectively neutral alleles},
  author={Ewens, Warren J},
  journal={Theoretical Population Biology},
  volume={3},
  number={1},
  pages={87--112},
  year={1972},
  publisher={Elsevier}
}


@article{gopalan1998bayesian,
  title={{Bayesian multiple comparisons using Dirichlet process priors}},
  author={Gopalan, Ramanan and Berry, Donald A},
  journal={Journal of the American Statistical Association},
  volume={93},
  number={443},
  pages={1130--1139},
  year={1998},
  publisher={Taylor \& Francis Group}
}

@book{ross1980elementary,
  title={Elementary analysis},
  author={Ross, Kenneth A},
  year={2013},
  publisher={New York, United States: Springer}
}

@book{abramowitz1972handbook,
  title={{Handbook of Mathematical Functions With Formulas, Graphs and Mathematical Tables}},
  author={Abramowitz, Milton and Stegun},
  volume={55},
  year={1972},
  publisher={New York, United States: Dover publications}
}

@incollection{levene1961robust,
  author={Levene, Howard},
  title={Robust tests for equality of variances},
  editor={Olkin, Ingram and Ghurye, Sudhist G. and Hoeffding, Wassily and Madow, William G. and Mann, Henry B.},
  booktitle={{Contributions to Probability and Statistics. Essays in Honor of Harold Hotelling}},
  pages={279--292},
  year={1961},
  publisher={Stanford, California: Stanford University Press}
}


@article{kass1995bayes,
  title={Bayes factors},
  author={Kass, Robert E and Raftery, Adrian E},
  journal={Journal of the American Statistical Association},
  volume={90},
  number={430},
  pages={773--795},
  year={1995},
  publisher={Taylor \& Francis}
}

@article{student1908probable,
  title={The probable error of a mean},
  author={Student},
  journal={Biometrika},
  pages={1--25},
  year={1908},
  publisher={JSTOR}
}

@article{welch1947generalization,
  title={The generalization ofstudent's' problem when several different population variances are involved},
  author={Welch, Bernard L},
  journal={Biometrika},
  volume={34},
  number={1/2},
  pages={28--35},
  year={1947},
  publisher={JSTOR}
}

@article{fisher1935fiducial,
  title={The fiducial argument in statistical inference},
  author={Fisher, Ronald A},
  journal={Annals of eugenics},
  volume={6},
  number={4},
  pages={391--398},
  year={1935},
  publisher={Wiley Online Library}
}

@article{behrens1929contribution,
  title={A contribution to error estimation with few observations},
  author={Behrens, WU},
  journal={Journal of Agriculture Scientific Archives of the Royal Prussian State College-Economy},
  volume={68},
  pages={807--837},
  year={1929}
}

@article{ly2016harold,
  title={{Harold Jeffreys’s default Bayes factor hypothesis tests: Explanation, extension, and application in psychology}},
  author={Ly, Alexander and Verhagen, Josine and Wagenmakers, Eric-Jan},
  journal={Journal of Mathematical Psychology},
  volume={72},
  pages={19--32},
  year={2016},
  publisher={Elsevier}
}

@book{jeffreys1961theory,
  title={{Theory of Probability (3rd Ed.)}},
  author={Jeffreys, Harold},
  year={1961},
  publisher={Oxford, UK: Oxford University Press}
}

@book{jeffreys1939theory,
  title={{Theory of Probability (1rd Ed.)}},
  author={Jeffreys, Harold},
  year={1939},
  publisher={Oxford, UK: Oxford University Press}
}

@book{ly2018bayes,
  title={Bayes factors for research workers},
  author={Ly, Alexander},
  year={2018},
  publisher={Unpublished PhD Thesis}
}

@article{rouder2009bayesian,
  title={Bayesian t tests for accepting and rejecting the null hypothesis},
  author={Rouder, Jeffrey N and Speckman, Paul L and Sun, Dongchu and Morey, Richard D and Iverson, Geoffrey},
  journal={Psychonomic bulletin \& review},
  volume={16},
  number={2},
  pages={225--237},
  year={2009},
  publisher={Springer}
}

@article{bayarri2012criteria,
  title={{Criteria for Bayesian model choice with application to variable selection}},
  author={Bayarri, Maria J and Berger, James O and Forte, Anabel and García-Donato, G},
  journal={The Annals of Statistics},
  volume={40},
  number={3},
  pages={1550--1577},
  year={2012},
  publisher={Institute of Mathematical Statistics}
}

@article{boing2017bayesian,
  title={Bayesian evaluation of constrained hypotheses on variances of multiple independent groups.},
  author={B{\"o}ing-Messing, Florian and van Assen, Marcel ALM and Hofman, Abe D and Hoijtink, Herbert and Mulder, Joris},
  journal={Psychological methods},
  volume={22},
  number={2},
  pages={262},
  year={2017},
  publisher={American Psychological Association}
}

@book{o2006uncertain,
  title={{Uncertain judgements: Eliciting Experts' Probabilities}},
  author={O'Hagan, Anthony and Buck, Caitlin E and Daneshkhah, Alireza and Eiser, J Richard and Garthwaite, Paul H and Jenkinson, David J and Oakley, Jeremy E and Rakow, Tim},
  year={2006},
  publisher={John Wiley \& Sons}
}

@article{consonni2018prior,
  title={{Prior distributions for objective Bayesian analysis}},
  author={Consonni, Guido and Fouskakis, Dimitris and Liseo, Brunero and Ntzoufras, Ioannis and others},
  journal={Bayesian Analysis},
  volume={13},
  number={2},
  pages={627--679},
  year={2018},
  publisher={International Society for Bayesian Analysis}
}

@article{sholts2011comparison,
  title={{Comparison of coordinate measurement precision of different landmark types on human crania using a 3D laser scanner and a 3D digitiser: implications for applications of digital morphometrics}},
  author={Sholts, Sabrina B and Flores, L and Walker, Phillip L and W{\"a}rml{\"a}nder, Sebastian KTS},
  journal={International Journal of Osteoarchaeology},
  volume={21},
  number={5},
  pages={535--543},
  year={2011},
  publisher={Wiley Online Library}
}

@article{klugkist2005bayesian,
  title={Bayesian model selection using encompassing priors},
  author={Klugkist, Irene and Kato, Bernet and Hoijtink, Herbert},
  journal={Statistica Neerlandica},
  volume={59},
  number={1},
  pages={57--69},
  year={2005},
  publisher={Wiley Online Library}
}

@article{boing2018automatic,
  title={{Automatic Bayes factors for testing equality and inequality-constrained hypotheses on variances}},
  author={B{\"o}ing-Messing, Florian and Mulder, Joris},
  journal={Psychometrika},
  pages={1--32},
  year={2018},
  volume={83},
  number={3},
  publisher={Springer}
}

@article{klugkist2007bayes,
  title={{The Bayes factor for inequality and about equality constrained models}},
  author={Klugkist, Irene and Hoijtink, Herbert},
  journal={Computational Statistics \& Data Analysis},
  volume={51},
  number={12},
  pages={6367--6379},
  year={2007},
  publisher={Elsevier}
}

@article{wetzels2010encompassing,
  title={{An encompassing prior generalization of the Savage--Dickey density ratio}},
  author={Wetzels, Ruud and Grasman, Raoul PPP and Wagenmakers, Eric-Jan},
  journal={Computational Statistics \& Data Analysis},
  volume={54},
  number={9},
  pages={2094--2102},
  year={2010},
  publisher={Elsevier}
}

@book{ng2011dirichlet,
  title={Dirichlet and related distributions: Theory, methods and applications},
  author={Ng, Kai Wang and Tian, Guo-Liang and Tang, Man-Lai},
  volume={888},
  year={2011},
  publisher={John Wiley \& Sons}
}


@article{tiao1965inverted,
  title={The inverted Dirichlet distribution with applications},
  author={Tiao, George G and Cuttman, Irwin},
  journal={Journal of the American Statistical Association},
  volume={60},
  number={311},
  pages={793--805},
  year={1965},
  publisher={Taylor \& Francis}
}


@article{williamson2009bayesian,
  title={Bayesian Alternatives to the F Test for Two Population Variances},
  author={Williamson, Patricia Pepple},
  journal={Communications in Statistics-Theory and Methods},
  volume={38},
  number={14},
  pages={2288--2301},
  year={2009},
  publisher={Taylor \& Francis}
}

@article{lindley1997some,
  title={{Some comments on Bayes factors}},
  author={Lindley, Dennis V},
  journal={Journal of Statistical Planning and Inference},
  volume={61},
  number={1},
  pages={181--189},
  year={1997},
  publisher={Elsevier}
}



@article{lindley1957statistical,
  title={A statistical paradox},
  author={Lindley, Dennis V},
  journal={Biometrika},
  volume={44},
  number={1/2},
  pages={187--192},
  year={1957},
  publisher={JSTOR}
}


@article{degroot1982lindley,
  title={{Lindley's paradox: Comment}},
  author={DeGroot, Morris H},
  journal={Journal of the American Statistical Association},
  volume={77},
  number={378},
  pages={336--339},
  year={1982},
  publisher={JSTOR}
}

@article{meng1996simulating,
  title={Simulating ratios of normalizing constants via a simple identity: A theoretical exploration},
  author={Meng, Xiao-Li and Wong, Wing Hung},
  journal={Statistica Sinica},
  pages={831--860},
  year={1996},
  publisher={JSTOR}
}


@article{gelman1998simulating,
  title={Simulating normalizing constants: From importance sampling to bridge sampling to path sampling},
  author={Gelman, Andrew and Meng, Xiao-Li},
  journal={Statistical science},
  pages={163--185},
  year={1998},
  publisher={JSTOR}
}

@article{gronau2017tutorial,
  title={A tutorial on bridge sampling},
  author={Gronau, Quentin F and Sarafoglou, Alexandra and Matzke, Dora and Ly, Alexander and Boehm, Udo and Marsman, Maarten and Leslie, David S and Forster, Jonathan J and Wagenmakers, Eric-Jan and Steingroever, Helen},
  journal={Journal of Mathematical Psychology},
  volume={81},
  pages={80--97},
  year={2017},
  publisher={Elsevier}
}


@article{butland1982two,
  title={Two-, six-, and 12-minute walking tests in respiratory disease.},
  author={Butland, RJ and Pang, JACK and Gross, ER and Woodcock, AA and Geddes, DM},
  journal={British medical journal (Clinical research ed.)},
  volume={284},
  number={6329},
  pages={1607},
  year={1982},
  publisher={BMJ Publishing Group}
}


@article{lim1996comparison,
  title={A comparison of tests of equality of variances},
  author={Lim, Tjen-Sien and Loh, Wei-Yin},
  journal={Computational Statistics \& Data Analysis},
  volume={22},
  number={3},
  pages={287--301},
  year={1996},
  publisher={Elsevier}
}

@article{li2015comparative,
  title={A comparative study of tests for homogeneity of variances with application to dna methylation data},
  author={Li, Xuan and Qiu, Weiliang and Morrow, Jarrett and DeMeo, Dawn L and Weiss, Scott T and Fu, Yuejiao and Wang, Xiaogang},
  journal={PloS one},
  volume={10},
  number={12},
  pages={e0145295},
  year={2015},
  publisher={Public Library of Science}
}

@article{box1964bayesian,
  title={A Bayesian approach to the importance of assumptions applied to the comparison of variances},
  author={Box, George EP and Tiao, George C},
  journal={Biometrika},
  volume={51},
  number={1/2},
  pages={153--167},
  year={1964},
  publisher={JSTOR}
}

@book{mendenhall2016statistics,
  title={{Statistics for Engineering and the Sciences (6th Edition)}},
  author={Mendenhall, William M and Sincich, Terry L},
  year={2016},
  publisher={Chapman and Hall/CRC}
}

@article{johnson2010use,
  title={{On the use of non-local prior densities in Bayesian hypothesis tests}},
  author={Johnson, Valen E and Rossell, David},
  journal={Journal of the Royal Statistical Society: Series B (Statistical Methodology)},
  volume={72},
  number={2},
  pages={143--170},
  year={2010},
  publisher={Wiley Online Library}
}

@article{stefan2019tutorial,
  title={{A tutorial on Bayes Factor Design Analysis using an informed prior}},
  author={Stefan, Angelika M and Gronau, Quentin F and Sch{\"o}nbrodt, Felix D and Wagenmakers, Eric-Jan},
  journal={Behavior Research Methods},
  volume={51},
  number={3},
  pages={1042--1058},
  year={2019},
  publisher={Springer}
}


@article{gupta2003increased,
  title={Increased variance in blood pressure distribution and changing hypertension prevalence in an urban Indian population},
  author={Gupta, R and Sharma, AK and Gupta, VP and Bhatnagar, S and Rastogi, S and Deedwania, PC},
  journal={Journal of human hypertension},
  volume={17},
  number={8},
  pages={535},
  year={2003},
  publisher={Nature Publishing Group}
}

@article{berkson1938some,
  title={Some difficulties of interpretation encountered in the application of the chi-square test},
  author={Berkson, Joseph},
  journal={Journal of the American Statistical Association},
  volume={33},
  number={203},
  pages={526--536},
  year={1938},
  publisher={Taylor \& Francis}
}

@article{mulder2016editors,
  title={Editors’ introduction to the special issue “Bayes factors for testing hypotheses in psychological research: Practical relevance and new developments”},
  author={Mulder, Joris and Wagenmakers, Eric-Jan},
  journal={Journal of Mathematical Psychology},
  volume={72},
  pages={1--5},
  year={2016},
  publisher={Elsevier}
}

@article{brown1974robust,
  title={Robust tests for the equality of variances},
  author={Brown, Morton B and Forsythe, Alan B},
  journal={Journal of the American Statistical Association},
  volume={69},
  number={346},
  pages={364--367},
  year={1974},
  publisher={Taylor \& Francis}
}


@article{morey2011bayes,
  title={Bayes factor approaches for testing interval null hypotheses.},
  author={Morey, Richard D and Rouder, Jeffrey N},
  journal={Psychological Methods},
  volume={16},
  number={4},
  pages={406--419},
  year={2011},
  publisher={American Psychological Association}
}

@article{pare2010use,
  title={{On the use of variance per genotype as a tool to identify quantitative trait interaction effects: A report from the Women's Genome Health Study}},
  author={Par{\'e}, Guillaume and Cook, Nancy R and Ridker, Paul M and Chasman, Daniel I},
  journal={PLoS Genetics},
  volume={6},
  number={6},
  pages={e1000981},
  year={2010},
  publisher={Public Library of Science}
}


@article{kerman2015skewness,
  title={{Skewness-kurtosis bounds for EGB1, EGB2, and special cases}},
  author={Kerman, Sean C and McDonald, James B},
  journal={Communications in Statistics-Theory and Methods},
  volume={44},
  number={18},
  pages={3857--3864},
  year={2015},
  publisher={Taylor \& Francis}
}

@article{borkenau2013sex,
  title={{Sex differences in variability in personality: A study in four samples}},
  author={Borkenau, Peter and Hřebíčková, Martina and Kuppens, Peter and Realo, Anu and Allik, J{\"u}ri},
  journal={Journal of Personality},
  volume={81},
  number={1},
  pages={49--60},
  year={2013},
  publisher={Wiley Online Library}
}

@article{wasserstein2016asa,
  title={{The ASA’s Statement on p-values: Context, process, and purpose}},
  author={Wasserstein, Ronald L and Lazar, Nicole A},
  journal={The American Statistician},
  volume={70},
  number={2},
  pages={129--133},
  year={2016}
}

@article{hendriksen2018optional,
  title={{Optional stopping with Bayes factors: A categorization and extension of folklore results, with an application to invariant situations}},
  author={Hendriksen, Allard and de Heide, Rianne and Gr{\"u}nwald, Peter},
  journal={arXiv:1807.09077},
  year={2018}
}

@book{hoijtink2008bayesian,
  title={{Bayesian Evaluation of Informative Hypotheses}},
  author={Hoijtink, Herbert and Klugkist, Irene and Boelen, Paul},
  year={2008},
  publisher={New York, United States: Springer}
}

@article{haaf2018note,
  title={{A note on using systems of orders to capture theoretical constraint in psychological science}},
  author={Haaf, Julia M and Klaassen, Fayette and Rouder, Jeffrey},
  year={2018},
  publisher={PsyArXiv},
  doi={10.31234/osf.io/a4xu9}
}

@article{morey2016philosophy,
  title={{The philosophy of Bayes factors and the quantification of statistical evidence}},
  author={Morey, Richard D and Romeijn, Jan-Willem and Rouder, Jeffrey N},
  journal={Journal of Mathematical Psychology},
  volume={72},
  pages={6--18},
  year={2016},
  publisher={Elsevier}
}


@article{o1995fractional,
  title={{Fractional Bayes factors for model comparison}},
  author={O'Hagan, Anthony},
  journal={Journal of the Royal Statistical Society: Series B (Methodological)},
  volume={57},
  number={1},
  pages={99--118},
  year={1995},
  publisher={Wiley Online Library}
}

@article{berger1996intrinsic,
  title={{The intrinsic Bayes factor for model selection and prediction}},
  author={Berger, James O and Pericchi, Luis R},
  journal={Journal of the American Statistical Association},
  volume={91},
  number={433},
  pages={109--122},
  year={1996},
  publisher={Taylor \& Francis}
}

@article{berger2001objective,
  title={Objective Bayesian methods for model selection: introduction and comparison},
  author={Berger, James O and Pericchi, Luis R and Ghosh, JK and Samanta, Tapas and De Santis, Fulvio and Berger, JO and Pericchi, LR},
  journal={Lecture Notes-Monograph Series},
  pages={135--207},
  year={2001},
  publisher={JSTOR}
}


@article{gastwirth2009impact,
  title={{The impact of Levene’s test of equality of variances on statistical theory and practice}},
  author={Gastwirth, Joseph L and Gel, Yulia R and Miao, Weiwen},
  journal={Statistical Science},
  volume={24},
  number={3},
  pages={343--360},
  year={2009},
  publisher={Institute of Mathematical Statistics}
}

@article{saks1997reducing,
  title={Reducing variability in civil jury awards},
  author={Saks, Michael J and Hollinger, Lisa A and Wissler, Roselle L and Evans, David Lee and Hart, Allen J},
  journal={Law and Human Behavior},
  volume={21},
  number={3},
  pages={243--256},
  year={1997},
  publisher={Springer}
}

@article{carlton1998resource,
  title={Resource congruence and forest regeneration following an experimental hurricane blowdown},
  author={Carlton, GC and Bazzaz, FA},
  journal={Ecology},
  volume={79},
  number={4},
  pages={1305--1319},
  year={1998},
  publisher={Wiley Online Library}
}

@article{kvamme1996alternative,
  title={Alternative procedures for assessing standardization in ceramic assemblages},
  author={Kvamme, Kenneth L and Stark, Miriam T and Longacre, William A},
  journal={American Antiquity},
  volume={61},
  number={1},
  pages={116--126},
  year={1996},
  publisher={Cambridge University Press}
}

@article{debayesian2019,
  title={{A Bayesian approach to the correction for multiplicity}},
  author={de Jong, Tim},
  year={2019},
  doi={10.31234/osf.io/s56mk}
}


@article{berger2006case,
  title={{The case for objective Bayesian analysis}},
  author={Berger, James O},
  journal={Bayesian Analysis},
  volume={1},
  number={3},
  pages={385--402},
  year={2006},
  publisher={International Society for Bayesian Analysis}
}

@book{lempers1971posterior,
  title={Posterior probabilities of alternative linear models},
  author={Lempers, Fred B},
  year={1971},
  publisher={Rotterdam, The Netherlands: Rotterdam University Press}
}

@article{o1991discussion,
  title={{Discussion on posterior Bayes factors (by M. Aitkin)}},
  author={O’Hagan, A},
  journal={Journal of the Royal Statistical Society Series B},
  volume={53},
  pages={136},
  year={1991}
}


@article{aunola2004developmental,
  title={{Developmental Dynamics of Math Performance From Preschool to Grade 2}},
  author={Aunola, Kaisa and Leskinen, Esko and Lerkkanen, Marja-Kristiina and Nurmi, Jari-Erik},
  journal={Journal of Educational Psychology},
  volume={96},
  number={4},
  pages={699--713},
  year={2004},
  publisher={American Psychological Association}
}

@book{darwin1871descent,
  title={{The Descent of Man, and Selection in Relation to Sex}},
  author={Darwin, Charles},
  year={1871},
  publisher={London, UK: John Murray}
}

@article{brinkhuis2018learning,
  title={{Learning as It Happens: A Decade of Analyzing and Shaping a Large-Scale Online Learning System}},
  author={Brinkhuis, Matthieu JS and Savi, Alexander O and Hofman, Abe D and Coomans, Frederik and van der Maas, Han LJ and Maris, Gunter},
  journal={Journal of Learning Analytics},
  volume={5},
  number={2},
  pages={29--46},
  year={2018},
  publisher={ERIC}
}