@article{mezo2011r,
  title={The {$r$}-Bell numbers},
  author={Mezo, Istv{\'a}n},
  journal={Journal of Integer Sequences},
  volume={14},
  number={1},
  pages={1--14},
  year={2011},
  publisher={Citeseer}
}
